<?xml version="1.0" encoding="UTF-8"?><collection xmlns="http://www.loc.gov/MARC21/slim"><record><leader>00520nam--2200193-i-4500</leader><controlfield tag="001">000041011</controlfield><controlfield tag="002">20161230</controlfield><controlfield tag="005">20161230201042</controlfield><controlfield tag="008">060222s1000------------r-----000-0-rus-d</controlfield><datafield ind1=" " ind2=" " tag="040"><subfield code="a">IFIN-HH</subfield></datafield><datafield ind1=" " ind2=" " tag="041"><subfield code="a">rus</subfield></datafield><datafield ind1=" " ind2=" " tag="080"><subfield code="a">539</subfield></datafield><datafield ind1="1" ind2=" " tag="100"><subfield code="a">Erdey-gruz, Tibor</subfield></datafield><datafield ind1="1" ind2="0" tag="245"><subfield code="a">Osnovi stroenia materii</subfield><subfield code="c">Tibor erdey-gruz</subfield></datafield><datafield ind1=" " ind2=" " tag="260"><subfield code="a">Moskva</subfield><subfield code="b">Mir</subfield><subfield code="c">1976</subfield></datafield><datafield ind1=" " ind2=" " tag="300"><subfield code="a">438P</subfield></datafield><datafield ind1=" " ind2=" " tag="500"><subfield code="a">Titlul Original Original In Limba Germana: Grundlagen Der Struktur Der Materie</subfield></datafield><datafield ind1=" " ind2=" " tag="852"><subfield code="a">44364</subfield><subfield code="c">539</subfield></datafield><datafield ind1=" " ind2=" " tag="CAT"><subfield code="a">Sys</subfield><subfield code="c">20111011</subfield><subfield code="h">115643</subfield></datafield></record></collection>